
@article{koolagudi2012emotion,
  title={Emotion recognition from speech: a review},
  author={Koolagudi, Shashidhar G and Rao, K Sreenivasa},
  journal={International journal of speech technology},
  volume={15},
  number={2},
  pages={99--117},
  year={2012},
  publisher={Springer},
  doi={10.1007/s10772-011-9125-1},
  url={https://doi.org/10.1007/s10772-011-9125-1},
}

@inproceedings{
    wolfel2015,
	author    = "W{\"o}lfel, Matthias and Schlippe, Tim and Stitz, Angelo",
	title     = "Voice driven type design",
    booktitle = "2015 International Conference on Speech Technology and Human-Computer Dialogue (SpeD)", 
	year    = 2015,
}

@article{McCutcheon2015,
  doi = {10.1353/bh.2015.0011},
  url = {https://doi.org/10.1353/bh.2015.0011},
  year = {2015},
  publisher = {Project Muse},
  volume = {18},
  number = {1},
  pages = {1--32},
  author = {R. W. McCutcheon},
  title = {Silent Reading in Antiquity and the Future History of the Book},
  journal = {Book History}
}


@book{
	seidenberg2017,
    author    = "Seidenberg, Mark",
    title     = "Language at the Speed of Sight: How We Read, Why So Many Can't, and What Can Be Done About It",
    year      = 2017,
    publisher = "Basic Books",
	address   = "New York",
    edition   = "1st",
    note      = "Kindle version",
}

@book {
    mcculloch2019,
    author    = "McCulloch, Gretchen",
    title     = "Because Internet: Understanding the New Rules of Language",
    year      = 2019,
    publisher = "Riverhead Books",
    address   = "New York",
    edition   = "1st",
    note      = "Kindle version",
}


@booklet{
	bessemans2017,
	title   = "Expressive typography to improve communication",
	author  = "Ann Bessemans",
	year    = 2017,
	howpublished    = "ATypI MONTR\'{E}AL 2017",
	note     = "http://youtu.be/JfsixaAmNOw",
}


@inproceedings{Boehner2005,
  doi = {10.1145/1094562.1094570},
  url = {https://doi.org/10.1145/1094562.1094570},
  year = {2005},
  publisher = {{ACM} Press},
  author = {Kirsten Boehner and Rog{\'{e}}rio DePaula and Paul Dourish and Phoebe Sengers},
  title = {Affect},
  booktitle = {Proceedings of the 4th decennial conference on Critical computing between sense and sensibility - {CC} {\textquotesingle}05}
}

@article{ekman1970universal,
  title={Universal facial expressions of emotions},
  author={Ekman, Paul},
  journal={California mental health research digest},
  volume={8},
  number={4},
  pages={151--158},
  year={1970}
}

@inproceedings{rao2010characterization,
  title={Characterization of emotions using the dynamics of prosodic features},
  author={Rao, K Sreenivasa and Reddy, Ramu and Maity, Sudhamay and Koolagudi, Shashidhar G},
  booktitle={Speech Prosody 2010-Fifth International Conference},
  year={2010}
}

@phdthesis{pdpcosta2015,
 author = {Costa, Paula Dornhofer Paro},
 advisor = {de Martino, Jos\'{e} Mario},
 title = {Two-Dimensional Expressive Speech Animation},
 year = {2015},
 school = {Faculdade de Engenharia El\'{e}trica, Universidade Estadual de Campinas},
 address = {Campinas, SP, BRA},
}


@mastersthesis{
	suksumek2017,
	author      = "Suksumek, Promphan",
	title       = "Emotional Type",
	school      = "FHNW HGK --- Visual Communication Institute, The Basel School of Design",
	year        = 2017,
	address     = "",
}

@mastersthesis{
	ondrej,
	author      = "Jelinek, Ondrej",
	title       = "The Spoken Word in Typography",
	school      = "FHNW HGK --- Visual Communication Institute, The Basel School of Design",
	year        = 2013,
	address     = "",
}

@incollection{Kruger2016,
  doi = {10.1075/btl.128.09kru},
  url = {https://doi.org/10.1075/btl.128.09kru},
  year = {2016},
  month = sep,
  publisher = {John Benjamins Publishing Company},
  pages = {171--194},
  author = {Jan-Louis Kruger and Mar{\'{\i}}a T. Soto-Sanfiel and Stephen Doherty and Ronny Ibrahim},
  title = {Towards a cognitive audiovisual translatology},
  booktitle = {Reembedding Translation Process Research}
}

@article{koch2012emotion,
  title={Emotion in typographic design: an empirical examination},
  author={Koch, Beth E},
  journal={Visible Language},
  volume={46},
  number={3},
  pages={206--227},
  year={2012},
  publisher={University of Cincinnati on behalf of Visible Language}
}

@article{ho2009emotionalise,
  title={Emotionalise design, emotional design, emotion design},
  author={Ho, Amic G and Siu, KW Michael},
  journal={Proceedings of International Association of Societies of Design Research},
  year={2009}
}

@misc{
	varfontssepcs,
    title      = {OpenType Font Variations Overview},
	month = {1},
    year = {2017},
	author = {Constable, Peter and Jacobs, Mike},
	howpublished = {\url{https://docs.microsoft.com/en-us/typography/opentype/spec/otvaroverview}},
    note       = {Acesso em 7/4/2018},
}

@misc{
	varfontossupport,
    title      = {Variable fonts support},
	month = {8},
    year = {2019},
	author = {Sherman, Nick},
	howpublished = {\url{https://v-fonts.com/support/}},
    note       = {Acesso em 20/9/2019},
}

@misc{
	varfontbrowsersupport,
    title = {Can I use: Variable fonts?},
	month = {9},
    year = {2019},
	author = {Deveria, Alexis},
	howpublished = {\url{https://caniuse.com/\#feat=variable-fonts}},
    note       = {Acesso em 20/9/2019},
}

@misc{
	axispraxis,
    title = {Axis-Praxis: Variable fonts in the browser},
	month = {9},
    year = {2019},
	author = {Penney, Laurence},
	howpublished = {\url{https://www.axis-praxis.org/}},
    note       = {Acesso em 20/9/2019},
}



@misc{
	viewingangletype,
    title = {Responsive typography that responds to viewing angle to stay more readable in 3D space.},
	month = {4},
    year = {2018},
	author = {Johnson, Andrew},
	howpublished = {\url{https://twitter.com/Aetherpoint/status/986678479847591936}},
    note       = {Acesso em 22/9/2019},
}

@misc{
	ambientlighttype,
    title = {Responsive typography that responds to ambient light},
	month = {5},
    year = {2018},
	author = {Johnson, Andrew},
	howpublished = {\url{https://twitter.com/Aetherpoint/status/992041069008293890}},
    note       = {Acesso em 22/9/2019},
}

@article{paige2017prosodic,
  title={Is prosodic reading a strategy for comprehension?},
  author={Paige, David D and Rupley, William H and Smith, Grant S and Rasinski, Timothy V and Nichols, William and Magpuri-Lavell, Theresa},
  journal={Journal for Educational Research Online/Journal f{\"u}r Bildungsforschung Online},
  volume={9},
  number={2},
  pages={245--275},
  year={2017}
}





@inproceedings{Jouvet2017,
  doi = {10.23919/eusipco.2017.8081482},
  url = {https://doi.org/10.23919/eusipco.2017.8081482},
  year = {2017},
  month = aug,
  publisher = {{IEEE}},
  author = {Denis Jouvet and Yves Laprie},
  title = {Performance analysis of several pitch detection algorithms on simulated and real noisy speech data},
  booktitle = {2017 25th European Signal Processing Conference ({EUSIPCO})}
}


@article{van2006towards,
  title={Towards a semiotics of typography},
  author={Van Leeuwen, Theo},
  journal={Information design journal},
  volume={14},
  number={2},
  pages={139--155},
  year={2006},
  publisher={John Benjamins}
}

@misc{
	italics,
    title = {Italics},
	month = {3},
    year = {2019},
	author = {Letters from The Temporary State},
	howpublished = {\url{http://letters.temporarystate.net/entry/4/}},
    note       = {Acesso em 23/9/2019},
}


@book{
	tatit,
    author    = "Tatit, Luiz",
    title     = "Todos Entoam --- Ensaios, Conversas e Can\c{c}\~{o}es",
    year      = 2007,
    publisher = "Publifolha",
	address   = "S\~{a}o Paulo, Brazil",
    edition   = "1st"
}


@inproceedings{boehner2005affect,
  title={Affect: from information to interaction},
  author={Boehner, Kirsten and DePaula, Rogerio and Dourish, Paul and Sengers, Phoebe},
  booktitle={Proceedings of the 4th decennial conference on Critical computing: between sense and sensibility},
  pages={59--68},
  year={2005},
  organization={ACM}
}

@article{kruger2017original,
  title={Original Language Subtitles: Their Effects on the Native and Foreign Viewer.},
  author={Kruger, Jan-Louis and Doherty, Stephen and Soto-Sanfiel, Mar{\'\i}a-T},
  journal={Comunicar: Media Education Research Journal},
  volume={25},
  number={50},
  pages={23--32},
  year={2017},
  publisher={ERIC}
}


@article{MurphyBerman1983,
  doi = {10.1177/002246698301700107},
  url = {https://doi.org/10.1177/002246698301700107},
  year = {1983},
  month = apr,
  publisher = {{SAGE} Publications},
  volume = {17},
  number = {1},
  pages = {47--62},
  author = {Murphy-Berman, Virginia and Whobrey, Linda},
  title = {The Impact of Captions On Hearing-Impaired Children{\textquotesingle}s Affective Reactions To Television},
  journal = {The Journal of Special Education}
}

%url = {https://doi.org/10.1075/ihll.6.07mor},
@incollection{deMoraes2016,
  doi = {10.1075/ihll.6.07mor},
  year = {2016},
  month = mar,
  publisher = {John Benjamins Publishing Company},
  pages = {135--152},
  author = {Jo{\~{a}}o Ant{\^{o}}nio de Moraes and Albert Rilliard},
  title = {Prosody and Emotion in Brazilian Portuguese},
  booktitle = {Intonational Grammar in Ibero-Romance}
}

@book{livroDoPlinio,
    title = {Prosódia},
    author = {Plínio A. Barbosa},
    year = {2019},
    pagecount = {136},
    isbn = {978-85-7934-163-2},
    publisher = {Parábola Editorial}
}


%issn = {2372-7322, 2372-7330},
%url = {http://journals.sagepub.com/doi/10.1177/2372732215602130},
@article{
	fiske_video_2015,
	title = {Video {Captions} {Benefit} {Everyone}},
	volume = {2},
	doi = {10.1177/2372732215602130},
	language = {en},
	number = {1},
	urldate = {2018-07-28},
	journal = {Policy Insights from the Behavioral and Brain Sciences},
	author = {Gernsbacher, Morton Ann},
	editor = {Fiske, Susan T.},
	month = 10,
	year = {2015},
	pages = {195--202},
}

@inproceedings{schotz2002linguistic,
  title={Linguistic \& paralinguistic phonetic variation in speaker recognition \& text-to-speech synthesis},
  author={Sch{\"o}tz, Susanne},
  booktitle={In Speech Technology, GSLT.},
  year={2002},
  organization={Citeseer}
}

@MastersThesis{quast2001automatic,
  title={Automatic recognition of nonverbal speech: An approach to model the perception of para-and extralinguistic vocal communication with neural networks},
  author={Quast, Holger},
  year={2001},
  school={University of Gottingen}
}


@article{
    kuster2016,
	author  = "Küster, Marc Wilhelm",
	journal = "Tijdschrift voor Mediageschiedenis",
	title   = "Writing Beyond the Letter",
	volume  = 19,
    number  = 2,
	year    = 2016,
    month   = 12,
}

@incollection{
	nunlist1991,
    author      = "Nünlist, René",
    title       = "Users of Literature",
    editor      = "Martin Hose and David Schenker",
    booktitle   = "A companion to Greek Literature",
    publisher   = "John Wiley \& Sons",
    address     = "West Sussex",
	year        = 2016,
	pages       = "296-297",
    chapter     = 19,
	isbn        = "78-1-4443-3942-0",
}


 @misc{ 
 	codex_vaticanus,
 	author = "Wikimedia Commons",
 	year = 2018,
 	title = "File:Codex Vaticanus Matthew 1,22-2,18.jpg --- Wikimedia Commons{,} the free media repository",
	url = {https://commons.wikimedia.org/w/index.php?title=File:Codex\_Vaticanus\_Matthew\_1,22-2,18.jpg},
	note = "Acesso em 28/7/2018",
 }
 
 @article{SILVA2016,
  doi = {10.1590/0102-445003263701432483},
  url = {https://doi.org/10.1590/0102-445003263701432483},
  year = {2016},
  month = aug,
  publisher = {{FapUNIFESP} ({SciELO})},
  volume = {32},
  number = {2},
  pages = {449--480},
  author = {Wellington da Silva and Plinio Almeida Barbos and {\AA}sa Abelin},
  title = {Cross-cultural and cross-linguistic perception of authentic emotions through speech: An acoustic-phonetic study with Brazilian and Swedish listeners},
  journal = {{DELTA}: Documenta{\c{c}}{\~{a}}o de Estudos em Ling\"{u}{\'{\i}}stica Te{\'{o}}rica e Aplicada}
}

@article {
	haralambous1993,
	title      = "Parametrization of {PostScript} fonts through {METAFONT} — an alternative to {Adobe} {Multiple} {Master} fonts",
    author     = "Haralambous, Yannis",
    journal    = {Electronic Publishing},
    year       = {1993},
    volume     = {6},
    pages      = {145-157},
}


@article{goodman2006card,
  title={Card sort technique as a qualitative substitute for quantitative exploratory factor analysis},
  author={Goodman, Michael B and Santos, Gilmar J},
  journal={Corporate Communications: An International Journal},
  year={2006},
  publisher={Emerald Group Publishing Limited}
}


@misc {
	about_cardsorting,
    author = {Soranzo, Alberta and Cooksey, Dave},
    month = {4},
    year = {2015},
    title = {Testing Taxonomies Beyond Card Sorting},
    howpublished = {\url{https://www.slideshare.net/atrebla/testing-taxonomies-beyond-card-sorting}},
    note = {Acessado em: 22/7/2018},	
}



@inproceedings{
	nawaz2012,
	author = {Nawaz, Ather},
	year = {2012},
	month = {08},
    booktitle = "The 10th Asia Pacific conference on computer human interaction (APCHI2012)", 
	pages = {},
    url = {http://openarchive.cbs.dk/handle/10398/8587},
    location = {Matsue, Japão},
	title = {A Comparison of Card-sorting Analysis Methods},
}

@article{Lombard2006,
  doi = {10.1111/j.1083-6101.1997.tb00072.x},
  url = {https://doi.org/10.1111/j.1083-6101.1997.tb00072.x},
  year = {2006},
  month = jun,
  publisher = {Oxford University Press ({OUP})},
  volume = {3},
  number = {2},
  pages = {0--0},
  author = {Matthew Lombard and Theresa Ditton},
  title = {At the Heart of It All: The Concept of Presence},
  journal = {Journal of Computer-Mediated Communication}
}

@article{mittmann2016automatic,
  title={An automatic speech segmentation tool based on multiple acoustic parameters},
  author={Mittmann, Maryual{\^e} Malvessi and Barbosa, Pl{\'\i}nio Almeida},
  journal={CHIMERA: Romance Corpora and Linguistic Studies},
  volume={3},
  number={2},
  pages={133--147},
  year={2016}
}

@misc {
	aeneas,
    author = {Pettarin, Alberto},
    title = {Aeneas: How Does This Thing Work?},
    howpublished = {\url{https://github.com/readbeyond/aeneas/blob/master/wiki/HOWITWORKS.md}},
    month = {2},
    year = {2017},
    note = {Acessado em: 24/7/2018},
}

@inproceedings{bell2015system,
  title={A system for automatic alignment of broadcast media captions using weighted finite-state transducers},
  author={Bell, Peter and Renals, Steve},
  booktitle={2015 IEEE Workshop on Automatic Speech Recognition and Understanding (ASRU)},
  pages={675--680},
  year={2015},
  organization={IEEE}
}
